@misc{web:CPUWiki,
  title = {Central processing unit},
  year = {2014},
  month = {May},
  howpublished = {\url{https://en.wikipedia.org/wiki/Central_processing_unit}}
}

@misc{web:ForbesHaswell,
  title = {Intel's Newest Core Processors: All About Graphics And Low Power},
  year = {2013},
  month = {June},
  author = {Patrick Moorhead},
  howpublished = {\url{http://www.forbes.com/sites/patrickmoorhead/2013/06/04/intels-newest-core-processors-all-about-graphics-and-low-power/}}
}

@misc{web:AnandSteamroller,
  title = {AMD's Steamroller Detailed: 3rd Generation Bulldozer Core},
  year = {2012},
  month = {August},
  author = {Anand Lal Shimpi},
  howpublished = {\url{http://www.anandtech.com/show/6201/amd-details-its-3rd-gen-steamroller-architecture}}
}

@misc{web:TomsHWCorei7,
  title = {The Core i7-4770K Review: Haswell Is Faster; Desktop Enthusiasts Yawn},
  year = {2013},
  month = {June},
  author = {Chris Angeli},
  howpublished = {\url{http://www.tomshardware.com/reviews/core-i7-4770k-haswell-review,3521.html}}
}

@misc{web:TomHWCorei7DiePic,
  title = {die labeled},
  year = {2013},
  month = {June},
  author = {Chris Angeli},
  howpublished = {\url{http://www.tomshardware.com/gallery/die-labeled,0101-386868-0-2-3-1-jpg-.html}}
}

@book{book:Corei7PerfAnalysis,
  author = {Dr David Levinthal},
  title = {Performance Analysis Guide for Intel® CoreTM i7 Processor and Intel® XeonTM 5500 processors},
  publisher = {Intel Corporation},
  year = {2008},
  note = {\url{https://software.intel.com/sites/products/collateral/hpc/vtune/performance_analysis_guide.pdf}}
}

@misc{web:AMDCCCSlides,
  title = {Consumerization, Cloud, Convergence},
  year = {2012},
  month = {February},
  author = {Lisa Su},
  howpublished = {\url{http://phx.corporate-ir.net/External.File?item=UGFyZW50SUQ9MTI1MTM5fENoaWxkSUQ9LTF8VHlwZT0z&t=1}}
}

@misc{web:AMDAPU,
  title = {{AMD} {A}ccelerated {P}rocessing {U}nits ({APU}s)},
  year = {2014},
  howpublished = {\url{http://www.amd.com/en-us/innovations/software-technologies/apu}}
}

@misc{web:AnandKaveri,
  title = {{AMD} {K}averi {R}eview: {A}8-7600 and {A}10-7850{K} {T}ested},
  year = {2014},
  month = {January},
  author = {Ian Cutress & Rahul Garg},
  howpublished = {\url{http://www.anandtech.com/show/7677/amd-kaveri-review-a8-7600-a10-7850k}}
}

@misc{web:Guru3dKaveri,
  title = {{AMD} {A}8-7600 {K}averi {APU} review - {T}he {APU} - {K}averi  {S}teamroller},
  year = {2014},
  month = {January},
  author = {Hilbert Hagedoom},
  howpublished = {\url{http://www.guru3d.com/articles_pages/amd_a8_7600_apu_review,2.html}}
}

@misc{web:WikiAPU,
  title = {{AMD} {A}ccelerated {P}rocessing {U}nit},
  year = {2014},
  month = {May},
  howpublished = {\url{https://en.wikipedia.org/wiki/AMD_Accelerated_Processing_Unit}}
}

@misc{web:NvidiaGPUComputing,
  title = {WHAT IS GPU ACCELERATED COMPUTING?},
  howpublished = {\url{http://www.nvidia.com/object/what-is-gpu-computing.html}}
}

@misc{web:WikiGPU,
  title = {Graphics processing unit},
  year = {2014},
  month = {May},
  howpublished = {\url{https://en.wikipedia.org/wiki/Graphics_processing_unit}}
}

@misc{web:NvidiaCPUvsGPU,
  howpublished = {\url{http://www.nvidia.com/docs/IO/143716/cpu-and-gpu.jpg}}
}

@unpublished{slides:NvidiaGPUArch,
  title = {An Introduction to Modern GPU Architecture},
  author = {Ashu Rege},
  note = {\url{ftp://download.nvidia.com/developer/cuda/seminar/TDCI_Arch.pdf}}
}

@misc{whitepaper:NvidiaMaxwell,
  title = {Whitepaper Nvidia GeForce GTX 750 Ti},
  year = {2014},
  howpublished = {\url{http://international.download.nvidia.com/geforce-com/international/pdfs/GeForce-GTX-750-Ti-Whitepaper.pdf}}
}

@misc{reference:AMDSeaIslandsISA,
  title = {Sea Islands Series Instruction Set Architecture},
  year = {2013},
  month = {February},
  howpublished = {\url{http://developer.amd.com/wordpress/media/2013/07/AMD_Sea_Islands_Instruction_Set_Architecture.pdf}}
}

@misc{web:AnandGCNPreview,
  title = {AMD's Graphics Core Next Preview: AMD's New GPU, Architected For Compute},
  year = {2011},
  month = {December},
  author = {Ryan Smith},
  howpublished = {\url{http://www.anandtech.com/show/4455/amds-graphics-core-next-preview-amd-architects-for-compute}}
}